<?xml version="1.0" encoding="UTF-8"?><collection xmlns="http://www.loc.gov/MARC21/slim"><record><leader>00385nam--2200145-i-4500</leader><controlfield tag="001">000036023</controlfield><controlfield tag="002">20161230</controlfield><controlfield tag="005">20161230201040</controlfield><controlfield tag="008">060222s1000------------r-----000-0-eng-d</controlfield><datafield ind1=" " ind2=" " tag="080"><subfield code="a">621.91.621.039</subfield></datafield><datafield ind1=" " ind2=" " tag="245"><subfield code="a">Nuclear energy and energy policiss</subfield></datafield><datafield ind1=" " ind2=" " tag="260"><subfield code="a">Reading, Addison-wesley Publishing Company Inc., 1976. Xxxv+713p</subfield></datafield><datafield ind1=" " ind2=" " tag="490"><subfield code="a">Energy</subfield></datafield><datafield ind1=" " ind2=" " tag="700"><subfield code="a">Penner, S.S</subfield></datafield><datafield ind1=" " ind2=" " tag="852"><subfield code="a">46675</subfield></datafield></record></collection>